<record><leader>00000cas a22000007a 4500</leader><controlfield tag="001">20078919</controlfield><controlfield tag="008">890727d19031903coucr ne      0    0eng d</controlfield><datafield ind1=" " ind2=" " tag="010"><subfield code="a">sn 89052200 </subfield></datafield><datafield ind1=" " ind2=" " tag="040"><subfield code="a">CNQ</subfield><subfield code="b">eng</subfield><subfield code="c">CNQ</subfield><subfield code="d">OCLCQ</subfield></datafield><datafield ind1=" " ind2=" " tag="042"><subfield code="a">msc</subfield></datafield><datafield ind1="0" ind2=" " tag="130"><subfield code="a">Semi-weekly times (Boulder, Colo.)</subfield></datafield><datafield ind1="1" ind2="4" tag="245"><subfield code="a">The semi-weekly times.</subfield></datafield><datafield ind1=" " ind2=" " tag="260"><subfield code="a">Boulder, Colo. :</subfield><subfield code="b">Hamby &amp; Maupin</subfield></datafield><datafield ind1=" " ind2=" " tag="300"><subfield code="a">v.</subfield></datafield><datafield ind1=" " ind2=" " tag="310"><subfield code="a">Semiweekly</subfield></datafield><datafield ind1="0" ind2=" " tag="362"><subfield code="a">4th year, whole no. 291 (Feb. 17, 1903)-4th year, whole no. 321 (June 9, 1903); 7th year, whole no. 322 (June 12, 1903)-7th year, whole no. 347 (Sept. 29, 1903).</subfield></datafield><datafield ind1=" " ind2=" " tag="530"><subfield code="a">Available on microfilm from the Colorado Historical Society.</subfield></datafield><datafield ind1=" " ind2=" " tag="752"><subfield code="a">United States</subfield><subfield code="b">Colorado</subfield><subfield code="c">Boulder</subfield><subfield code="d">Boulder.</subfield></datafield><datafield ind1="0" ind2="5" tag="780"><subfield code="t">Colorado representative</subfield></datafield><datafield ind1="0" ind2="0" tag="785"><subfield code="t">Weekly times (Boulder, Colo.)</subfield><subfield code="w">(DLC)sn 89052205</subfield></datafield></record>